% this is the bibliography file


@Misc{search-stats,
  author = 	 {},
  title = 	 {Internet Search Statistics},
  howpublished = {\url{http://www.internetlivestats.com/google-search-statistics/}},
  month = 	 {},
  year = 	 {2015},
  annote = 	 {}
}

@inproceedings{weps2-eval,
  title={Weps 2 evaluation campaign: overview of the web people search clustering task},
  author={Artiles, Javier and Gonzalo, Julio and Sekine, Satoshi},
  booktitle={2nd Web People Search Evaluation Workshop (WePS 2009), 18th WWW Conference},
  volume={9},
  year={2009},
  organization={Citeseer}
}

@inproceedings{weps3-eval,
  title={WePS-3 Evaluation Campaign: Overview of the Web People Search Clustering and Attribute Extraction Tasks.},
  author={Artiles, Javier and Borthwick, Andrew and Gonzalo, Julio and Sekine, Satoshi and Amig{\'o}, Enrique},
  booktitle={CLEF (Notebook Papers/LABs/Workshops)},
  year={2010}
}


@article{social-networks,
  title={Online social networks: Why do students use facebook?},
  author={Cheung, Christy MK and Chiu, Pui-Yee and Lee, Matthew KO},
  journal={Computers in Human Behavior},
  volume={27},
  number={4},
  pages={1337--1343},
  year={2011},
  publisher={Elsevier}
}

@Misc{social-networks-scraping,
  author = {Bogdan Batrinca and Philip C. Treleaven},
  title = {Social media analytics: a survey of techniques, tools and platforms},
  year = {2015},
  month = {February},
  howpublished = {AI \& Society Volume 30, Issue 1, pp 89-116}
}

@Misc{connection-analysis,
  author = {Dmitri V. Kalashnikov and Zhaoqi Chen and Sharad Mehrotra and Rabia Nuray-Turan},
  title = {Web People Search via Connection Analysis},
  year = {2008},
  month = {November},
  howpublished = {IEEE Transactionds on Knowledge and Data Engineering, Issue No. 11,
                 November (2008 vol. 20) pp:1550-1565}
}

@Misc{weps-best,
  author = {Chong Long and Lei Shi},
  title = {Web Person Name Disambiguation by Relevance Weighting of Extended
           Feature Sets},
  year = {2010},
  howpublished = {Yahoo! Global R\&D, Beijing}
}

@Misc{correlation-clustering,
  author = {N. Bansal and A. Blum and S. Chawla},
  title = {Correlation clustering},
  year  = {2002},
  howpublished = {Foundations of Computer Science, pages 238-247}
}

@inproceedings{mikolov2013distributed,
  title={Distributed representations of words and phrases and their compositionality},
  author={Mikolov, Tomas and Sutskever, Ilya and Chen, Kai and Corrado, Greg S and Dean, Jeff},
  booktitle={Advances in neural information processing systems},
  pages={3111--3119},
  year={2013}
}

@inproceedings{nuray2009exploiting,
  title={Exploiting web querying for web people search in weps2},
  author={Nuray-Turan, Rabia and Chen, Zhaoqi and Kalashnikov, Dmitri V and Mehrotra, Sharad},
  booktitle={2nd Web People Search Evaluation Workshop (WePS 2009), 18th WWW Conference},
  year={2009},
  organization={Citeseer}
}
